@article{CC,
	author = {Kwapisz, Jennifer R. and Weiss, Gary M. and Moore, Samuel A.},
	title = {Activity recognition using cell phone accelerometers},
	journal = {SIGKDD Explor. Newsl.},
	issue_date = {December 2010},
	volume = {12},
	number = {2},
	month = mar,
	year = {2011},
	issn = {1931-0145},
	pages = {74--82},
	numpages = {9},
	url = {http://doi.acm.org/10.1145/1964897.1964918},
	doi = {10.1145/1964897.1964918},
	acmid = {1964918},
	publisher = {ACM},
	address = {New York, NY, USA},
	keywords = {accelerometer, activity recognition, cell phone, induction, sensor mining, sensors},
} 

@inproceedings{DD,
	author = {Nishkam Ravi and Nikhil D and Preetham Mysore and Michael L. Littman},
	title = {Activity recognition from accelerometer data},
	booktitle = {In Proceedings of the Seventeenth Conference on Innovative Applications of Artificial Intelligence},
	year = {2005},
	pages = {1541--1546},
	publisher = {AAAI Press}
}

@article{BB,
	author = {Fu, Tak-chung},
	title = {A review on time series data mining},
	journal = {Eng. Appl. Artif. Intell.},
	issue_date = {February, 2011},
	volume = {24},
	number = {1},
	month = feb,
	year = {2011},
	issn = {0952-1976},
	pages = {164--181},
	numpages = {18},
	url = {http://dx.doi.org/10.1016/j.engappai.2010.09.007},
	doi = {10.1016/j.engappai.2010.09.007},
	acmid = {1897378},
	publisher = {Pergamon Press, Inc.},
	address = {Tarrytown, NY, USA},
	keywords = {Representation, Segmentation, Similarity measure, Time series data mining, Visualization},
} 

@incollection{AA,
	year={2004},
	isbn={978-3-540-21835-7},
	booktitle={Pervasive Computing},
	volume={3001},
	series={Lecture Notes in Computer Science},
	editor={Ferscha, Alois and Mattern, Friedemann},
	doi={10.1007/978-3-540-24646-6_1},
	title={Activity Recognition from User-Annotated Acceleration Data},
	url={http://dx.doi.org/10.1007/978-3-540-24646-6_1},
	publisher={Springer Berlin Heidelberg},
	author={Bao, Ling and Intille, StephenS.},
	pages={1-17}
}

@MISC{EE,
	author = {Chih-wei Hsu and Chih-chung Chang and Chih-jen Lin},
	title = {A practical guide to support vector classification },
	year = {2010}
}

@techreport{FF,
	author = {Fabian MÃ¶rchen},
	title = {Time series feature extraction for data mining using DWT and DFT},
	year = {2003},
	institution = {Philipps-University Marburg}
}

@inproceedings{GG,
	title={Simple algorithms for peak detection in time-series},
	author={Palshikar, G and others},
	booktitle={Proc. 1st Int. Conf. Advanced Data Analysis, Business Analytics and Intelligence},
	year={2009}
}
